<record><leader>00000cas a22000007a 4500</leader><controlfield tag="001">9396514</controlfield><controlfield tag="008">830411d18731882mauwr ne      0    0eng d</controlfield><datafield ind1=" " ind2=" " tag="010"><subfield code="a">sn 83020474 </subfield></datafield><datafield ind1=" " ind2=" " tag="040"><subfield code="a">NPX</subfield><subfield code="b">eng</subfield><subfield code="c">NPX</subfield><subfield code="d">NPU</subfield><subfield code="d">MGN</subfield><subfield code="d">OCLCQ</subfield></datafield><datafield ind1=" " ind2=" " tag="042"><subfield code="a">msc</subfield></datafield><datafield ind1="0" ind2="0" tag="245"><subfield code="a">Worcester south compendium.</subfield></datafield><datafield ind1=" " ind2=" " tag="260"><subfield code="a">East Douglas [Douglas], Mass. :</subfield><subfield code="b">Spencer Bros.</subfield></datafield><datafield ind1=" " ind2=" " tag="300"><subfield code="a">v.</subfield></datafield><datafield ind1=" " ind2=" " tag="310"><subfield code="a">Weekly</subfield></datafield><datafield ind1="0" ind2=" " tag="362"><subfield code="a">Vol. 6, no. 4 (Jan. 25, 1873)-v. 15, no. 52 (Dec. 29, 1882).</subfield></datafield><datafield ind1=" " ind2=" " tag="500"><subfield code="a">Published in Uxbridge, Mass., Oct. 4, 1873-Dec. 29, 1882.</subfield></datafield><datafield ind1=" " ind2=" " tag="752"><subfield code="a">United States</subfield><subfield code="b">Massachusetts</subfield><subfield code="c">Worcester</subfield><subfield code="d">Douglas.</subfield></datafield><datafield ind1=" " ind2=" " tag="752"><subfield code="a">United States</subfield><subfield code="b">Massachusetts</subfield><subfield code="c">Worcester</subfield><subfield code="d">Uxbridge.</subfield></datafield><datafield ind1="0" ind2="4" tag="780"><subfield code="t">Whitinsville compendium</subfield><subfield code="w">(DLC)sn 89062084</subfield></datafield><datafield ind1="0" ind2="4" tag="780"><subfield code="t">Douglas herald (Douglas, Mass.)</subfield><subfield code="w">(DLC)sn 83020473</subfield></datafield><datafield ind1="0" ind2="0" tag="785"><subfield code="t">Uxbridge compendium</subfield><subfield code="w">(DLC)sn 89062082</subfield></datafield></record>